<record><leader>00000cas a22000007a 4500</leader><controlfield tag="001">26268748</controlfield><controlfield tag="008">920727d19551957ctuwr ne      0    0eng d</controlfield><datafield ind1=" " ind2=" " tag="010"><subfield code="a">sn 92051328 </subfield></datafield><datafield ind1=" " ind2=" " tag="040"><subfield code="a">CNW</subfield><subfield code="b">eng</subfield><subfield code="c">CNW</subfield><subfield code="d">OCLCQ</subfield></datafield><datafield ind1=" " ind2=" " tag="042"><subfield code="a">msc</subfield></datafield><datafield ind1="0" ind2="0" tag="245"><subfield code="a">Westport town crier &amp; herald.</subfield></datafield><datafield ind1="3" ind2="0" tag="246"><subfield code="a">Westport town crier and herald</subfield></datafield><datafield ind1="3" ind2="0" tag="246"><subfield code="a">Weston crier</subfield></datafield><datafield ind1=" " ind2=" " tag="260"><subfield code="a">Fairfield, Conn. :</subfield><subfield code="b">Fairfield County Publications</subfield></datafield><datafield ind1=" " ind2=" " tag="300"><subfield code="a">v.</subfield></datafield><datafield ind1=" " ind2=" " tag="310"><subfield code="a">Weekly</subfield></datafield><datafield ind1="0" ind2=" " tag="362"><subfield code="a">Vol. 89, no. 40 (Oct. 6, 1955)-v. 91, no. 41 (Oct. 10, 1957).</subfield></datafield><datafield ind1=" " ind2=" " tag="500"><subfield code="a">Includes a section titled: Weston crier.</subfield></datafield><datafield ind1=" " ind2=" " tag="530"><subfield code="a">Available on microfilm from New England Micrographics, Marlboro, Mass.</subfield></datafield><datafield ind1=" " ind2="4" tag="651"><subfield code="a">Westport (Conn.)</subfield><subfield code="v">Newspapers.</subfield></datafield><datafield ind1=" " ind2="4" tag="651"><subfield code="a">Weston (Conn.)</subfield><subfield code="v">Newspapers.</subfield></datafield><datafield ind1=" " ind2=" " tag="752"><subfield code="a">United States</subfield><subfield code="b">Connecticut</subfield><subfield code="c">Fairfield</subfield><subfield code="d">Fairfield.</subfield></datafield><datafield ind1="0" ind2="0" tag="780"><subfield code="t">Westport town crier and the Westporter-herald</subfield><subfield code="w">(DLC)sn 92051327</subfield></datafield><datafield ind1="0" ind2="0" tag="785"><subfield code="t">Town crier (Westport, Conn. : 1957)</subfield><subfield code="w">(DLC)sn 92051329</subfield></datafield><datafield ind1="1" ind2=" " tag="029"><subfield code="a">AU@</subfield><subfield code="b">000020740635</subfield></datafield></record>